<?xml version="1.0" encoding="UTF-8"?>

                <record xmlns="http://www.loc.gov/MARC21/slim">
                    <leader>00000nam a2200000zcb4500</leader>
                    <controlfield tag="001">990005980930203331</controlfield>
                    <controlfield tag="003">AT-OBV</controlfield>
                    <controlfield tag="005">20180220022200.0</controlfield>
                    <controlfield tag="007">tu</controlfield>
                    <controlfield tag="008">960308|1981####au############|||#|#ger#u</controlfield>
                    <controlfield tag="009">AC01424624</controlfield>
                    <datafield tag="020" ind1=" " ind2=" ">
                        <subfield code="a">3205087445</subfield>
                    </datafield>
                    <datafield tag="035" ind1=" " ind2=" ">
                        <subfield code="a">AC01424624</subfield>
                    </datafield>
                    <datafield tag="035" ind1=" " ind2=" ">
                        <subfield code="a">(AT-OBV)AC01424624</subfield>
                    </datafield>
                    <datafield tag="035" ind1=" " ind2=" ">
                        <subfield code="a">(Aleph)000598093ACC01</subfield>
                    </datafield>
                    <datafield tag="040" ind1=" " ind2=" ">
                        <subfield code="a">UBI</subfield>
                        <subfield code="b">ger</subfield>
                        <subfield code="d">OAW</subfield>
                        <subfield code="e">rakwb</subfield>
                    </datafield>
                    <datafield tag="041" ind1=" " ind2=" ">
                        <subfield code="a">ger</subfield>
                    </datafield>
                    <datafield tag="044" ind1=" " ind2=" ">
                        <subfield code="c">XA-AT</subfield>
                    </datafield>
                    <datafield tag="084" ind1=" " ind2=" ">
                        <subfield code="a">MG 33365</subfield>
                        <subfield code="2">rvk</subfield>
                        <subfield code="9">O: Automatisch aus BVB_2013-06 2013-03-18</subfield>
                    </datafield>
                    <datafield tag="084" ind1=" " ind2=" ">
                        <subfield code="a">NQ 4145</subfield>
                        <subfield code="2">rvk</subfield>
                        <subfield code="9">O: Automatisch aus BVB_2013-06 2013-03-18</subfield>
                    </datafield>
                    <datafield tag="100" ind1="1" ind2=" ">
                        <subfield code="a">Ellenbogen, Wilhelm</subfield>
                        <subfield code="d">1863-1951</subfield>
                        <subfield code="0">(DE-588)118529978</subfield>
                        <subfield code="4">aut</subfield>
                    </datafield>
                    <datafield tag="245" ind1="0" ind2="0">
                        <subfield code="a">Menschen und Prinzipien</subfield>
                        <subfield code="b">Erinnerungen, Urteile und Reflexionen eines kritischen Sozialdemokraten</subfield>
                        <subfield code="c">Wilhelm Ellenbogen. Bearb. u. eingel. von Friedrich Weissensteiner</subfield>
                    </datafield>
                    <datafield tag="264" ind1=" " ind2="1">
                        <subfield code="a">Wien</subfield>
                        <subfield code="a">Graz [u.a.]</subfield>
                        <subfield code="b">Böhlau</subfield>
                        <subfield code="c">1981</subfield>
                    </datafield>
                    <datafield tag="300" ind1=" " ind2=" ">
                        <subfield code="a">195 S.</subfield>
                        <subfield code="b">Ill.</subfield>
                    </datafield>
                    <datafield tag="490" ind1="1" ind2=" ">
                        <subfield code="a">Veröffentlichungen der Kommission für Neuere Geschichte Österreichs</subfield>
                        <subfield code="v">71</subfield>
                    </datafield>
                    <datafield tag="500" ind1=" " ind2=" ">
                        <subfield code="a">Literaturverz. S. 35. - Bibliogr. W. Ellenbogen S. 35 - 36</subfield>
                    </datafield>
                    <datafield tag="689" ind1="0" ind2="0">
                        <subfield code="a">Sozialdemokratische Partei Österreichs</subfield>
                        <subfield code="D">b</subfield>
                        <subfield code="0">(DE-588)5060450-8</subfield>
                    </datafield>
                    <datafield tag="689" ind1="0" ind2="1">
                        <subfield code="a">Geschichte 1892-1951</subfield>
                        <subfield code="A">z</subfield>
                    </datafield>
                    <datafield tag="689" ind1="0" ind2="2">
                        <subfield code="a">Quelle</subfield>
                        <subfield code="A">f</subfield>
                    </datafield>
                    <datafield tag="689" ind1="0" ind2=" ">
                        <subfield code="5">AT-OBV</subfield>
                        <subfield code="5">UBW</subfield>
                    </datafield>
                    <datafield tag="689" ind1="1" ind2="0">
                        <subfield code="a">Erlebnisbericht</subfield>
                        <subfield code="A">f</subfield>
                    </datafield>
                    <datafield tag="689" ind1="1" ind2="1">
                        <subfield code="a">Geschichte 1892-1934</subfield>
                        <subfield code="A">z</subfield>
                    </datafield>
                    <datafield tag="689" ind1="1" ind2="2">
                        <subfield code="a">Österreich</subfield>
                        <subfield code="D">g</subfield>
                        <subfield code="0">(DE-588)4043271-3</subfield>
                    </datafield>
                    <datafield tag="689" ind1="1" ind2="3">
                        <subfield code="a">Sozialdemokratie</subfield>
                        <subfield code="D">s</subfield>
                        <subfield code="0">(DE-588)4055695-5</subfield>
                    </datafield>
                    <datafield tag="689" ind1="1" ind2=" ">
                        <subfield code="5">AT-OBV</subfield>
                        <subfield code="5">ONB-PI</subfield>
                    </datafield>
                    <datafield tag="700" ind1="1" ind2=" ">
                        <subfield code="a">Weissensteiner, Friedrich</subfield>
                        <subfield code="d">1927-</subfield>
                        <subfield code="0">(DE-588)11583706X</subfield>
                        <subfield code="4">oth</subfield>
                        <subfield code="e">[Bearb.]</subfield>
                    </datafield>
                    <datafield tag="830" ind1=" " ind2="0">
                        <subfield code="w">(AT-OBV)AC00112585</subfield>
                        <subfield code="v">71</subfield>
                        <subfield code="9">O:1</subfield>
                    </datafield>
                    <datafield tag="852" ind1="0" ind2="1">
                        <subfield code="a">43ACC_UBS</subfield>
                        <subfield code="6">990012451330203341</subfield>
                        <subfield code="9">P</subfield>
                    </datafield>
                    <datafield tag="852" ind1="0" ind2="1">
                        <subfield code="a">43ACC_WIENB</subfield>
                        <subfield code="6">9910676498304516</subfield>
                        <subfield code="9">P</subfield>
                    </datafield>
                    <datafield tag="852" ind1="0" ind2="1">
                        <subfield code="a">43ACC_UBW</subfield>
                        <subfield code="6">990001413200203332</subfield>
                        <subfield code="9">P</subfield>
                    </datafield>
                    <datafield tag="852" ind1="0" ind2="1">
                        <subfield code="a">43ACC_OEAW</subfield>
                        <subfield code="6">990000948910504498</subfield>
                        <subfield code="9">P</subfield>
                    </datafield>
                    <datafield tag="852" ind1="0" ind2="1">
                        <subfield code="a">43ACC_UBK</subfield>
                        <subfield code="6">990002678910203346</subfield>
                        <subfield code="9">P</subfield>
                    </datafield>
                    <datafield tag="852" ind1="0" ind2="1">
                        <subfield code="a">43ACC_UBL</subfield>
                        <subfield code="6">990002802960103340</subfield>
                        <subfield code="9">P</subfield>
                    </datafield>
                    <datafield tag="852" ind1="0" ind2="1">
                        <subfield code="a">43ACC_BRIDGE_OBV</subfield>
                        <subfield code="6">9927894704442</subfield>
                        <subfield code="9">P</subfield>
                    </datafield>
                    <datafield tag="852" ind1="0" ind2="1">
                        <subfield code="a">43ACC_ONB</subfield>
                        <subfield code="6">990020056880603338</subfield>
                        <subfield code="9">P</subfield>
                    </datafield>
                    <datafield tag="852" ind1="0" ind2="1">
                        <subfield code="a">43ACC_BRIDGE_PAR</subfield>
                        <subfield code="6">9913805304485</subfield>
                        <subfield code="9">P</subfield>
                    </datafield>
                    <datafield tag="852" ind1="0" ind2="1">
                        <subfield code="a">43ACC_BMA</subfield>
                        <subfield code="6">990004831280304534</subfield>
                        <subfield code="9">P</subfield>
                    </datafield>
                    <datafield tag="852" ind1="0" ind2="1">
                        <subfield code="a">43ACC_UBG</subfield>
                        <subfield code="6">990000950650203339</subfield>
                        <subfield code="9">P</subfield>
                    </datafield>
                    <datafield tag="852" ind1="0" ind2="1">
                        <subfield code="a">43ACC_UBI</subfield>
                        <subfield code="6">990001534400103333</subfield>
                        <subfield code="9">P</subfield>
                    </datafield>
                    <datafield tag="852" ind1="0" ind2="1">
                        <subfield code="a">43ACC_AKW</subfield>
                        <subfield code="6">990000045180203343</subfield>
                        <subfield code="9">P</subfield>
                    </datafield>
                    <datafield tag="852" ind1="0" ind2="1">
                        <subfield code="a">43ACC_OOELB</subfield>
                        <subfield code="6">990004908820304508</subfield>
                        <subfield code="9">P</subfield>
                    </datafield>
                    <datafield tag="970" ind1="1" ind2=" ">
                        <subfield code="c">54</subfield>
                    </datafield>
                    <datafield tag="974" ind1="0" ind2="s">
                        <subfield code="F">030</subfield>
                        <subfield code="A">z|1dcr|||||17</subfield>
                    </datafield>
                    <datafield tag="974" ind1="0" ind2="s">
                        <subfield code="F">050</subfield>
                        <subfield code="A">a|a|||||||||||</subfield>
                    </datafield>
                    <datafield tag="974" ind1="0" ind2="s">
                        <subfield code="F">051</subfield>
                        <subfield code="A">s||||||</subfield>
                    </datafield>
                </record>

